<record><leader>00000cas a22000007a 4500</leader><controlfield tag="001">22935419</controlfield><controlfield tag="008">910108d19711975arumx ne      0    0eng d</controlfield><datafield ind1=" " ind2=" " tag="010"><subfield code="a">sn 90050344 </subfield></datafield><datafield ind1=" " ind2=" " tag="040"><subfield code="a">ANU</subfield><subfield code="b">eng</subfield><subfield code="c">ANU</subfield><subfield code="d">DLC</subfield><subfield code="d">ANU</subfield><subfield code="d">OCLCQ</subfield><subfield code="d">OCLCO</subfield></datafield><datafield ind1="1" ind2=" " tag="029"><subfield code="a">AU@</subfield><subfield code="b">000025848595</subfield></datafield><datafield ind1=" " ind2=" " tag="042"><subfield code="a">msc</subfield></datafield><datafield ind1="0" ind2="0" tag="245"><subfield code="a">Fairfield Community news.</subfield></datafield><datafield ind1=" " ind2=" " tag="260"><subfield code="a">Little Rock, Ark. :</subfield><subfield code="b">Fairfield Communities Land Co.</subfield></datafield><datafield ind1=" " ind2=" " tag="300"><subfield code="a">v.</subfield></datafield><datafield ind1=" " ind2=" " tag="310"><subfield code="a">Twelve no. a year</subfield></datafield><datafield ind1="0" ind2=" " tag="362"><subfield code="a">Vol. 5, no. 3 (Mar.-Apr. 1971)-v. 9, no. 11 (Dec. 1975).</subfield></datafield><datafield ind1=" " ind2=" " tag="500"><subfield code="a">Published at Little Rock for the communities of Fairfield Bay, Ark., Fairfield Glade, Tenn., and Green Valley, Ariz.</subfield></datafield><datafield ind1=" " ind2="0" tag="650"><subfield code="a">Planned communities</subfield><subfield code="z">Arkansas</subfield><subfield code="z">Fairfield Bay</subfield><subfield code="v">Newspapers.</subfield></datafield><datafield ind1=" " ind2="0" tag="650"><subfield code="a">Planned communities</subfield><subfield code="z">Tennessee</subfield><subfield code="z">Fairfield Glade</subfield><subfield code="v">Newspapers.</subfield></datafield><datafield ind1=" " ind2="0" tag="650"><subfield code="a">Planned communities</subfield><subfield code="z">Arizona</subfield><subfield code="z">Green Valley</subfield><subfield code="v">Newspapers.</subfield></datafield><datafield ind1=" " ind2="4" tag="651"><subfield code="a">Fairfield Bay (Ark.)</subfield><subfield code="v">Newspapers.</subfield></datafield><datafield ind1=" " ind2="4" tag="651"><subfield code="a">Fairfield Glade (Tenn.)</subfield><subfield code="v">Newspapers.</subfield></datafield><datafield ind1=" " ind2="4" tag="651"><subfield code="a">Green Valley (Ariz.)</subfield><subfield code="v">Newspapers.</subfield></datafield><datafield ind1=" " ind2=" " tag="752"><subfield code="a">United States</subfield><subfield code="b">Arkansas</subfield><subfield code="c">Pulaski</subfield><subfield code="d">Little Rock.</subfield></datafield><datafield ind1="0" ind2="4" tag="780"><subfield code="t">Fairfield Bay news (Fairfield Bay, Ark.)</subfield><subfield code="w">(DLC)sn 90050346</subfield></datafield><datafield ind1="0" ind2="4" tag="780"><subfield code="t">Fairfield Glade news (Little Rock, Ark. : 1970)</subfield><subfield code="w">(DLC)sn 90050345</subfield></datafield><datafield ind1="0" ind2="6" tag="785"><subfield code="t">Fairfield Bay news (Little Rock, Ark.)</subfield><subfield code="w">(DLC)sn 90050342</subfield></datafield><datafield ind1="0" ind2="6" tag="785"><subfield code="t">Fairfield Glade news (Little Rock, Ark. : 1976)</subfield><subfield code="w">(DLC)sn 90050376</subfield></datafield></record>